<?xml version="1.0" encoding="UTF-8"?><collection xmlns="http://www.loc.gov/MARC21/slim"><record><leader>00504nam--2200193-i-4500</leader><controlfield tag="001">000011140</controlfield><controlfield tag="002">20161230</controlfield><controlfield tag="005">20170114162056</controlfield><controlfield tag="008">060222s1000------------r-----000-0-eng-d</controlfield><datafield ind1=" " ind2=" " tag="080"><subfield code="a">530.145.6</subfield></datafield><datafield ind1=" " ind2=" " tag="100"><subfield code="a">Bethe, Hans A</subfield></datafield><datafield ind1=" " ind2=" " tag="245"><subfield code="a">Intermediate quantum mechanics</subfield></datafield><datafield ind1=" " ind2=" " tag="250"><subfield code="a">second edition</subfield></datafield><datafield ind1=" " ind2=" " tag="260"><subfield code="a">New York</subfield><subfield code="b">W.A.Benjamin</subfield><subfield code="c">1968</subfield></datafield><datafield ind1=" " ind2=" " tag="300"><subfield code="a">XVI + 393 p</subfield></datafield><datafield ind1=" " ind2=" " tag="490"><subfield code="a">Lecture Notes And Supplements In Physics</subfield></datafield><datafield ind1=" " ind2=" " tag="700"><subfield code="a">Jaciw, Roman W</subfield></datafield><datafield ind1=" " ind2=" " tag="852"><subfield code="a">41296</subfield></datafield><datafield ind1=" " ind2=" " tag="CAT"><subfield code="a">SYS</subfield><subfield code="c">20170114</subfield><subfield code="h">162056</subfield></datafield></record></collection>